@book{oliveira,
	title={Sistemas Embarcados: Hardware e Firmware na Prática},
	author={OLIVEIRA, André Schneider de e Andrade, Fernando Souza },
	volume={2 edição},
	year={2010},
	publisher={ São Paulo : Érica}
    }